<record xmlns="http://www.loc.gov/MARC21/slim" xmlns:xsi="http://www.w3.org/2001/XMLSchema-instance" xsi:schemaLocation="http://www.loc.gov/MARC21/slim http://www.loc.gov/standards/marcxml/schema/MARC21slim.xsd">

  <leader>00831nam a2200217   4500</leader>
  <controlfield tag="008">150925b2014    cr ||||| |||| 00| | spa d</controlfield>
  <datafield tag="090" ind2=" " ind1=" ">
    <subfield code="a">06.02.01 </subfield>
    <subfield code="b">2148 </subfield>
  </datafield>
  <datafield ind1="1" tag="100" ind2=" ">
    <subfield code="9">1099</subfield>
    <subfield code="a">Camacho Brown, Lolita </subfield>
  </datafield>
  <datafield tag="245" ind2="0" ind1="1">
    <subfield code="a">Acercamiento al proceso de socialización de la población infantil cabécar de Chirripó /</subfield>
    <subfield code="c">Lolita Camacho Brown, Hannia Watson Soto</subfield>
  </datafield>
  <datafield tag="260" ind2=" " ind1=" ">
    <subfield code="a">San José, Costa Rica :</subfield>
    <subfield code="b">INIE,</subfield>
    <subfield code="c">2014</subfield>
  </datafield>
  <datafield tag="300" ind2=" " ind1=" ">
    <subfield code="a">96 páginas, 14 hojas sin numerar</subfield>
  </datafield>
  <datafield ind1=" " tag="500" ind2=" ">
    <subfield code="a">Informe final Proyecto de Investigación N°. 724-B2-301</subfield>
  </datafield>
  <datafield tag="650" ind2="4" ind1="1">
    <subfield code="9">1</subfield>
    <subfield code="a">EDUCACIÓN</subfield>
  </datafield>
  <datafield ind1="1" ind2="4" tag="650">
    <subfield code="9">1100</subfield>
    <subfield code="a">EDUCACIÓN INDÍGENA</subfield>
  </datafield>
  <datafield tag="650" ind2="4" ind1="1">
    <subfield code="9">480</subfield>
    <subfield code="a">IDENTIDAD CULTURAL</subfield>
  </datafield>
  <datafield ind1="1" tag="650" ind2="4">
    <subfield code="9">1101</subfield>
    <subfield code="a">COMUNIDAD CABÉCAR</subfield>
  </datafield>
  <datafield ind2="4" tag="650" ind1="1">
    <subfield code="9">1102</subfield>
    <subfield code="a">CHIRRIPÓ (TURRIALBA, CARTAGO, COSTA RICA)</subfield>
  </datafield>
  <datafield ind1="1" ind2="4" tag="650">
    <subfield code="9">1103</subfield>
    <subfield code="a">SOCIALIZACION </subfield>
  </datafield>
  <datafield tag="700" ind2=" " ind1=" ">
    <subfield code="9">1104</subfield>
    <subfield code="a">Watson Soto, Hannia </subfield>
  </datafield>
  <datafield ind1=" " tag="942" ind2=" ">
    <subfield code="2">z</subfield>
    <subfield code="c">04</subfield>
  </datafield>
  <datafield tag="999" ind2=" " ind1=" ">
    <subfield code="c">2900</subfield>
    <subfield code="d">2900</subfield>
  </datafield>
</record>